% 参考文献文件

@book{fenbuhanshu,
  title     = {概率论与数理统计（第五版）},
  editor    = {盛骤 and 谢式千 and 潘承毅.},
  publisher = {高等教育出版社},
  year      = {2019},
  pages     = {78}
}